<?xml version="1.0" encoding="UTF-8"?><record xmlns="http://www.loc.gov/MARC21/slim" xmlns:cinclude="http://apache.org/cocoon/include/1.0" xmlns:zs="http://www.loc.gov/zing/srw/">
  <leader>01170cz  a2200193n  4500</leader>
  <controlfield tag="001">no2009045805</controlfield>
  <controlfield tag="003">DLC</controlfield>
  <controlfield tag="005">20130326121344.0</controlfield>
  <controlfield tag="008">090325n| azannaabn          |a ana     c</controlfield>
  <datafield tag="010" ind1=" " ind2=" ">
    <subfield code="a">no2009045805</subfield>
  </datafield>
  <datafield tag="035" ind1=" " ind2=" ">
    <subfield code="a">(OCoLC)oca08056176</subfield>
  </datafield>
  <datafield tag="040" ind1=" " ind2=" ">
    <subfield code="a">SaPrUSA</subfield>
    <subfield code="b">eng</subfield>
    <subfield code="e">rda</subfield>
    <subfield code="c">SaPrUSA</subfield>
    <subfield code="d">DLC</subfield>
  </datafield>
  <datafield tag="110" ind1="2" ind2=" ">
    <subfield code="a">Primary Education Upgrading Programme (North-West, South Africa)</subfield>
  </datafield>
  <datafield tag="410" ind1="1" ind2=" ">
    <subfield code="a">North-West (South Africa).</subfield>
    <subfield code="b">Department of Education, Arts, Culture, Sports, and Recreation.</subfield>
    <subfield code="b">Primary Education Upgrading Programme</subfield>
  </datafield>
  <datafield tag="410" ind1="1" ind2=" ">
    <subfield code="a">North-West (South Africa).</subfield>
    <subfield code="b">Primary Education Upgrading Programme</subfield>
  </datafield>
  <datafield tag="410" ind1="2" ind2=" ">
    <subfield code="a">PEUP (North-West, South Africa)</subfield>
  </datafield>
  <datafield tag="410" ind1="2" ind2=" ">
    <subfield code="a">PrimeĚre Onderwysopgraderingsprogram (North-West, South Africa)</subfield>
  </datafield>
  <datafield tag="510" ind1="1" ind2=" ">
    <subfield code="w">r</subfield>
    <subfield code="i">Hierarchical superior:</subfield>
    <subfield code="a">North-West (South Africa).</subfield>
    <subfield code="b">Department of Education, Arts, Culture, Sports, and Recreation</subfield>
  </datafield>
  <datafield tag="670" ind1=" " ind2=" ">
    <subfield code="a">An investigation of the Primary Education Upgrading Programme (PEUP), 1998:</subfield>
    <subfield code="b">p. ii (Primary Education Upgrading Programme (PEUP), PrimeĚre Onderwysopgraderingsprogram (PEUP)) p. 30 (PEUP is the teaching programme aimed at raising or improving the standard of teaching in the primary schools of the North West Province)</subfield>
  </datafield>
</record>